    @webpage{Psychoterapie,
      author =       "Česká asociace pro psychoterapii, z.s.",
      title =        "Stanovy spolku Česká asociace pro psychoterapii, z.s.",
      howpublished = "online",
      publisher =    "Česká asociace pro psychoterapii, z.s.",
      year =         "2017",
      month =        10,
      url =          "https://www.czap.cz/o-nas/zapisy-dokumenty/93-o-nas/zapisy-dokumenty/dokumenty-cap/217-stanovy-cap",
      cited =        "2021-15-02"
    },
    
    @misc{Sigmund_Analyza,
      author="Milan {Sigmund}",
      title="Analýza řečových signálů",
      address="MJ Servis",
      chapter="58561",
      edition="24-2000",
      institution="MJ Servis",
      year="2001",
      month={6},
      publisher="MJ Servis",
      type="course reader"
    },
    
    @webpage{Fonetika_Krcmova,
      author =       "Prof. PhDr. Marie Krčmová, CSc.",
      title =        "Fonetika",
      howpublished = "online",
      publisher =    "Filosofická fakulta MU Brno",
      year =         "2007",
      url =          "http://is.muni.cz/elportal/estud/ff/js07/fonetika/materialy/ch05s01.html",
      cited =        "2021-15-02"
    },
    
     @misc{lyons_mfcc, 
         title={Mel Frequency Cepstral Coefficient (MFCC) tutorial}, url={http://practicalcryptography.com/miscellaneous/machine-learning/guide-mel-frequency-cepstral-coefficients-mfccs/#eqn1}, 
         journal={Practical Cryptography}, 
         author={Lyons, James},
         cited={2021-15-02},
         year={2013},
     },
    
    @book{huang_acero_hon_2005, 
        place={Taipei, Taiwan}, 
        title={Spoken language processing: a guide to theory, algorithm, and system development}, publisher={Prentice Education Taiwan}, author={Huang, Xuedong and Acero, Alejandro and Hon, Hsiao-Wuen}, 
        year={2005},
        edition={Second},
        isbn = {0-13-022616-5}
    },
    
    @article{Davis_Mermelstein_MFCC,
      author={S. {Davis} and P. {Mermelstein}},
      journal={IEEE Transactions on Acoustics, Speech, and Signal Processing}, 
      title={Comparison of parametric representations for monosyllabic word recognition in continuously spoken sentences}, 
      year={1980},
      volume={28},
      number={4},
      pages={357-366},
      doi={10.1109/TASSP.1980.1163420},
    },
    
    @article{Simak_adaptive_energy_VAD,
        author = {Kirill, Sakhnov and Ekaterina, Verteletskaya and Simak, B.},
        year = {2009},
        month = {11},
        pages = {},
        title = {Approach for Energy-Based Voice Detector with Adaptive Scaling Factor},
        volume = {36},
        journal = {IAENG International Journal of Computer Science}
    },
    
    @inproceedings{Reynolds2009GaussianMM,
      title={Gaussian Mixture Models},
      author={D. Reynolds},
      booktitle={Encyclopedia of Biometrics},
      year={2009}
    },
    
    @ARTICLE{Dempster77maximumlikelihood,
    author = {A. P. Dempster and N. M. Laird and D. B. Rubin},
    title = {Maximum likelihood from incomplete data via the EM algorithm},
    journal = {JOURNAL OF THE ROYAL STATISTICAL SOCIETY, SERIES B},
    year = {1977},
    volume = {39},
    number = {1},
    pages = {1--38}
    },
    
    @INPROCEEDINGS{Pl_phonemes,
      author={M. {Igras} and B. {Ziółko} and M. {Ziółko}},
      booktitle={2013 International Conference on Signal Processing and Multimedia Applications (SIGMAP)}, 
      title={Length of phonemes in a context of their positions in Polish sentences}, 
      year={2013},
      volume={},
      number={},
      pages={59-64},
      doi={}
    },
    
    @article{gupta_filters,
      title={Algorithm for image processing using improved median filter and comparison of mean, median and improved median filter},
      author={Gupta, Gajanand},
      journal={International Journal of Soft Computing and Engineering},
      volume={1},
      number={5},
      pages={304--311},
      year={2011}
    },
    
    @book{Bishop_pattern,
        author = {Bishop, Christopher},
        year = {2007},
        month = {10},
        pages = {},
        title = {Pattern Recognition and Machine Learning (Information Science and Statistics)},
        isbn = {0387310738}
    },
    
    @INPROCEEDINGS{VAD_SFM,
      author={M. H. {Moattar} and M. M. {Homayounpour}},
      booktitle={2009 17th European Signal Processing Conference}, 
      title={A simple but efficient real-time Voice Activity Detection algorithm}, 
      year={2009},
      volume={},
      number={},
      pages={2549-2553},
      doi={}
    },
    
    @INPROCEEDINGS{Speaker_factors,  
        author={F. {Castaldo} and D. {Colibro} and E. {Dalmasso} and P. {Laface} and C. {Vair}},  
        booktitle={2008 IEEE International Conference on Acoustics, Speech and Signal Processing},   
        title={Stream-based speaker segmentation using speaker factors and eigenvoices},   
        year={2008},  
        volume={},  
        number={},  
        pages={4133-4136},  
        doi={10.1109/ICASSP.2008.4518564}
    },
    
    @ARTICLE{Dehak_i_vectors,
      author={N. {Dehak} and P. J. {Kenny} and R. {Dehak} and P. {Dumouchel} and P. {Ouellet}},
      journal={IEEE Transactions on Audio, Speech, and Language Processing}, 
      title={Front-End Factor Analysis for Speaker Verification}, 
      year={2011},
      volume={19},
      number={4},
      pages={788-798},
      doi={10.1109/TASL.2010.2064307}
    },
    
    @INPROCEEDINGS{Snyder_x_vectors,
      author={D. {Snyder} and D. {Garcia-Romero} and G. {Sell} and D. {Povey} and S. {Khudanpur}},
      booktitle={2018 IEEE International Conference on Acoustics, Speech and Signal Processing (ICASSP)}, 
      title={X-Vectors: Robust DNN Embeddings for Speaker Recognition}, 
      year={2018},
      volume={},
      number={},
      pages={5329-5333},
      doi={10.1109/ICASSP.2018.8461375}
    },
    
    @INPROCEEDINGS{Wang_d_vectors,
      author={Q. {Wang} and C. {Downey} and L. {Wan} and P. A. {Mansfield} and I. L. {Moreno}},
      booktitle={2018 IEEE International Conference on Acoustics, Speech and Signal Processing (ICASSP)}, 
      title={Speaker Diarization with LSTM}, 
      year={2018},
      volume={},
      number={},
      pages={5239-5243},
      doi={10.1109/ICASSP.2018.8462628}
    },
    
    @misc{html,
	author = {{Web Hypertext Application Technology Working Group}},
	title = {HTML Living Standard},
	url = {https://html.spec.whatwg.org/},
    cited={2021-15-02},
    year={2021},
    },
    
    @misc{Rttm,
	author = {{National Institute of Standards and Technology}},
	title = {RT-06S Transcription Evaluation Plan},
    year={2006},
    },
    
    @misc{fayek2016,
      title   = "Speech Processing for Machine Learning: Filter banks, Mel-Frequency Cepstral Coefficients (MFCCs) and What's In-Between",
      author  = "Haytham M. Fayek",
      year    = "2016",
      url     = "https://haythamfayek.com/2016/04/21/speech-processing-for-machine-learning.html"
    },
    
    @misc{Cernocky_ZRE,
      title   = "Zpracování řečových signálů – studijní opora",
      author  = "Jan {Černocký}",
      year    = "2016",
      url     = "https://www.fit.vutbr.cz/study/courses/ZRE/public/opora/zre_opora.pdf",
      cited =        "2021-03-10"
    },
    
    @article {Dittmann_hesitations,
    	Title = {The phonemic clause as a unit of speech decoding},
    	Author = {Dittmann, AT and Llewellyn, LG},
    	DOI = {10.1037/h0024739},
    	Number = {3},
    	Edition = {1},
    	Volume = {6},
    	Month = {7},
    	Year = {1967},
    	Journal = {Journal of personality and social psychology},
    	ISSN = {0022-3514},
    	Pages = {341—349},
    },
    
    @inbook{krivohlavy,
        place={Praha}, 
        title={Jak si navzájem lépe porozumíme: kapitola Paralingvistika - svrchní tóny},
        booktitle={Jak si navzájem lépe porozumíme},
        publisher={Svoboda},
        edition={1},
        author={Křivohlavý, Jaro}, 
        year={1988}
    },
    
    @misc{bipolar, 
     author={{Psychiatrická nemocnice Havlíčkův Brod}},
     title={Bipolární afektivní porucha}, url={http://www.plhb.cz/content/bipolarni-afektivni-porucha},
     cited = "2021-03-10",
     journal={Psychiatrická nemocnice Havlíčkův Brod}
     },
     
  @misc{Visualization_pie, 
      title={Fundamentals of Data Visualization}, url={https://clauswilke.com/dataviz/visualizing-proportions.html#visualizing-proportions}, 
      journal={Claus O. Wilke}, 
      author={Wilke, Claus O.},
      cited = "2021-03-19",
      year={2020},
  },
  
  @misc{ibm_gauge, 
      title={Gauge Charts}, url={https://www.ibm.com/docs/en/cognos-analytics/11.1.0?topic=types-gauge-charts}, 
      author={IBM},
      journal={IBM},
      cited = "2021-03-19",
  },
   
    @misc{histograms, 
        url={https://tinlizzie.org/histograms/}, 
        title={Exploring Histograms}, 
        author={McNamara, Amelia and Lunzer, Aran}, 
        year={2020}, 
        month={9},
        cited = "2021-03-19",
    },
    
    @misc{word_cloud,
        author = "{Wikipedia contributors}",
        title = "Tag cloud --- {Wikipedia}{,} The Free Encyclopedia",
        year = "2021",
        url = "https://en.wikipedia.org/w/index.php?title=Tag_cloud&oldid=1002276039",
        cited = "2021-03-19",
    },
    
    @misc{speech_speed,
        author = {{Ústav pro jazyk český AV ČR, v. v. i.}},
        title = "Internetová jazyková příručka",
        year = "2008-2021",
        url = "https://prirucka.ujc.cas.cz/",
        cited = "2021-03-19",
    },
    
    @misc{js,
        author = {{Ecma International}},
        title = "Standard ECMA-262",
        year = "2020",
        month= {6},
        url = "https://www.ecma-international.org/publications-and-standards/standards/ecma-262",
        cited = "2021-03-20",
    },
    
    @misc{json,
        author = {{Ecma International}},
        title = "Standard ECMA-404",
        year = {2017},
        month= {12},
        url = "https://www.ecma-international.org/publications-and-standards/standards/ecma-404",
        cited = "2021-03-20",
    },
    
     @misc{pickle, 
         title={pickle - Python object serialization}, url={https://docs.python.org/3/library/pickle.html}, 
         journal={pickle - Python object serialization - Python 3.9.4 documentation},
         cited = "2021-03-20",
         author={{Python Software Foundation}},
         year="2001-2021",
     },
     
  @misc{asr_ibm, 
      title={What is Speech Recognition?}, url={https://www.ibm.com/cloud/learn/speech-recognition}, journal={IBM},
      author={{IBM Cloud Education}}, 
      year={2020}, 
      month={9},
      cited = "2021-03-20",
  },
      
   @book{jurafsky_martin_2020, 
       title={Speech and language processing: an introduction to natural language processing, computational linguistics, and speech recognition}, publisher={Pearson}, 
       author={Jurafsky, Daniel and Martin, James H.}, year={2020},
       edition={3},
       isbn={9780131227989}
   },
   
   @article{Rodero_speed,
        author = {Emma Rodero},
        doi = {doi:10.1515/text-2012-0019},
        url = {https://doi.org/10.1515/text-2012-0019},
        title = {A comparative analysis of speech rate and perception in radio bulletins},
        journal = {Text \& Talk},
        number = {3},
        volume = {32},
        year = {2012},
        pages = {391--411}
    },
    
   @article{Numpy,
        author={Harris, Charles R.
        and Millman, K. Jarrod
        and van der Walt, St{\'e}fan J.
        and Gommers, Ralf
        and Virtanen, Pauli
        and Cournapeau, David
        and Wieser, Eric
        and Taylor, Julian
        and Berg, Sebastian
        and Smith, Nathaniel J.
        and Kern, Robert
        and Picus, Matti
        and Hoyer, Stephan
        and van Kerkwijk, Marten H.
        and Brett, Matthew
        and Haldane, Allan
        and del R{\'i}o, Jaime Fern{\'a}ndez
        and Wiebe, Mark
        and Peterson, Pearu
        and G{\'e}rard-Marchant, Pierre
        and Sheppard, Kevin
        and Reddy, Tyler
        and Weckesser, Warren
        and Abbasi, Hameer
        and Gohlke, Christoph
        and Oliphant, Travis E.},
        title={Array programming with NumPy},
        journal={Nature},
        year={2020},
        month={9},
        day={01},
        volume={585},
        number={7825},
        pages={357-362},
        doi={10.1038/s41586-020-2649-2},
        url={https://doi.org/10.1038/s41586-020-2649-2}
    },
    
    @misc{python_decorator, 
      title={Primer on python decorators}, url={https://realpython.com/primer-on-python-decorators/},
      author={{Real Python}}, 
      year={2021}, 
      month={4},
      cited = "2021-04-15",
    },
    
     @misc{python_f_string, 
         title={Python 3's f-Strings: An Improved string formatting Syntax (Guide)}, url={https://realpython.com/python-f-strings/},
         author={{Real Python}},
         year={2021}, 
         month={3},
         cited = "2021-04-15",
     },
    
     @misc{python_list_comprehension, 
         title={When to Use a List Comprehension in Python}, url={https://realpython.com/list-comprehension-python/},        author={{Real Python}},
         year={2021},
         month={3},
         cited = "2021-04-15",
     },
     
     @ARTICLE{VBx,
       author = "Mireia S\'{a}nchez Diez and Luk\'{a}\v{s} Burget and Nicol\'{a}s Federico Landini and Jan \v{C}ernock\'{y}",
       title = "Analysis of Speaker Diarization based on Bayesian HMM with Eigenvoice Priors",
       pages = "355--368",
       journal = "IEEE/ACM TRANSACTIONS ON AUDIO, SPEECH AND LANGUAGE PROCESSING",
       volume = 28,
       number = 1,
       year = 2020,
       ISSN = "2329-9290",
       doi = "10.1109/TASLP.2019.2955293",
       language = "english",
       url = "https://www.fit.vut.cz/research/publication/12139"
    },
    
    @inproceedings{ASR_FIT,
      title={BUT Opensat 2019 Speech Recognition System},
      author={Martin Karafiát and Murali Karthick Baskar and Igor Szöke and Hari Krishna Vydana and Karel Veselý and Jan "Honza" Černocký},
      year={2020},
      eprint={2001.11360},
      archivePrefix={arXiv},
      primaryClass={eess.AS},
      note = {arXiv:2001.11360v1},
      url = {https://arxiv.org/abs/2001.11360}
    },
    
    @misc{VAD_overview,
        url={https://wiki.aalto.fi/pages/viewpage.action?pageId=151500905},
        title={Voice activity detection (VAD)},
        author={Tom Bäckström},
        year={2020},
        month={8},
        cited = "2021-04-15",
    }